@inproceedings {186171,
	author = {Ding Yuan and Yu Luo and Xin Zhuang and Guilherme Renna Rodrigues and Xu Zhao and Yongle Zhang and Pranay U. Jain and Michael Stumm},
	title = {Simple Testing Can Prevent Most Critical Failures: An Analysis of Production Failures in Distributed Data-Intensive Systems},
	booktitle = {11th {USENIX} Symposium on Operating Systems Design and Implementation ({OSDI} 14)},
	year = {2014},
	isbn = { 978-1-931971-16-4},
	address = {Broomfield, CO},
	pages = {249--265},
	url = {https://www.usenix.org/conference/osdi14/technical-sessions/presentation/yuan},
	publisher = {{USENIX} Association},
	month = oct,
}
