@book{szeliski2010computer,
  title={Computer Vision: Algorithms and Applications},
  author={Szeliski, R.},
  isbn={9781848829350},
  lccn={2010936817},
  series={Texts in Computer Science},
  url={https://books.google.de/books?id=bXzAlkODwa8C},
  year={2010},
  publisher={Springer London}
}

@mastersthesis{papert1966summer,
  title={The Summer Vision Project},
  author={Papert, S.},
  school={MIT Artificial Intelligence Lab},
  year=1966,
}
