@incollection{rose2017analysis,
  title={Analysis of High Temperature Forecast Accuracy of Consumer Weather Forecasts from 2005-2016},
  author={Rose, Bruce and Floehr, Eric},
  booktitle={Technical Report},
  year={2017},
  publisher={Intellovations, LLC}
}

@online{motiejus-task6,
    title={Šeštoji užduotis -- Magistrinio darbo projektas},
    author={Motiejus Jakštys, Vilniaus Universitetas},
    year={2019},
    month={12},
    language={Lithuanian},
    url={https://github.com/motiejus/stud/blob/master/MTM/task6-thesis-project/task6-thesis-project.tex},
}

@online{verification2015,
    title={Forecast Verification},
    author={
        Météo-France, Toulouse, France
        and Purdue University, Indiana, USA
        and NOAA/NWS Hydrometeorological Prediction Center, Washington DC, USA
        and Paul Roebber, University of Wisconsin, USA
        and Harold Brooks, Oklahoma, USA
        and Barb Brown, NCAR,  USA
        and Environment Canada, Canada
        and Deutscher Wetterdienst, Offenbach, Germany
        and Beth Ebert, Bureau of Meteorology, Australia
        and Chris Ferro, University of Exeter, UK
        and Ian Jolliffe, University of Exeter, UK
        and David Stephenson, University of Exeter,  UK
        and The Met Office, Exeter, UK
        and ECMWF, Reading, UK
        and Deutscher Wetterdienst, Offenbach, Germany
        and Johannes Jenkner, University of British Columbia, Canada
        and University of Munich, Munich, Germany
        and Tieh-Yong Koh, Nanyang Technological University, Singapore
        and Finnish Meteorological Institute, Hensinki, Finland
        and Research en Prévision Numérique, Dorval, Canada
    },
    year={2015},
    url={https://www.cawcr.gov.au/projects/verification/},
}
