@article{wang1998line,
  title={Line generalization based on analysis of shape characteristics},
  author={Wang, Zeshen and M{\"u}ller, Jean-Claude},
  journal={Cartography and Geographic Information Systems},
  volume={25},
  number={1},
  pages={3--15},
  year={1998},
  publisher={Taylor \& Francis}
}
