@incollection{rose2017analysis,
  title={Analysis of High Temperature Forecast Accuracy of Consumer Weather Forecasts from 2005-2016},
  author={Rose, Bruce and Floehr, Eric},
  booktitle={Technical Report},
  year={2017},
  publisher={Intellovations, LLC}
}
