@online{isom2007,
    title={International Specification for Sprint Orienteering Maps},
    author={IOF-Map-Commission},
    year={2016},
    url={https://orienteering.sport/iof/mapping/},
}

@online{mapper,
    title={OpenOrienteering Mapper},
    year={2019},
    url={https://www.openorienteering.org/apps/mapper/},
}
